%YAML 1.1
%TAG !u! tag:unity3d.com,2011:
--- !u!114 &-7158984486021096713
MonoBehaviour:
  m_ObjectHideFlags: 0
  m_CorrespondingSourceObject: {fileID: 0}
  m_PrefabInstance: {fileID: 0}
  m_PrefabAsset: {fileID: 0}
  m_GameObject: {fileID: 0}
  m_Enabled: 1
  m_EditorHideFlags: 0
  m_Script: {fileID: 11500000, guid: ceb653cd98e289a4e8697a1af55201f2, type: 3}
  m_Name: event:/SuccessFail/Success
  m_EditorClassIdentifier: 
  Path: event:/SuccessFail/Success
  guid: 1fbc85dd0e12d2448c95e045564b9fb4
  Banks:
  - {fileID: -1877617516460682601}
  IsStream: 0
  Is3D: 0
  IsOneShot: 1
  Parameters: []
  MinDistance: 0
  MaxDistance: 0
  Length: 0
--- !u!114 &-5484994239957191912
MonoBehaviour:
  m_ObjectHideFlags: 0
  m_CorrespondingSourceObject: {fileID: 0}
  m_PrefabInstance: {fileID: 0}
  m_PrefabAsset: {fileID: 0}
  m_GameObject: {fileID: 0}
  m_Enabled: 1
  m_EditorHideFlags: 0
  m_Script: {fileID: 11500000, guid: c18180ecb35941f4682ae60107b85b7c, type: 3}
  m_Name: bank:/Bank1.bank
  m_EditorClassIdentifier: 
  Path: Assets/Fmod/fmodsounds/Build/Desktop/Bank1.bank
  Name: Bank1
  lastModified: 637371538618860161
  LoadResult: 0
  FileSizes: []
  Exists: 1
--- !u!114 &-3532424054163984761
MonoBehaviour:
  m_ObjectHideFlags: 0
  m_CorrespondingSourceObject: {fileID: 0}
  m_PrefabInstance: {fileID: 0}
  m_PrefabAsset: {fileID: 0}
  m_GameObject: {fileID: 0}
  m_Enabled: 1
  m_EditorHideFlags: 0
  m_Script: {fileID: 11500000, guid: ceb653cd98e289a4e8697a1af55201f2, type: 3}
  m_Name: event:/PlayerHit/PlayerHit
  m_EditorClassIdentifier: 
  Path: event:/PlayerHit/PlayerHit
  guid: 7defbf7cf770f34baa5ba54de889144d
  Banks:
  - {fileID: -1877617516460682601}
  IsStream: 0
  Is3D: 0
  IsOneShot: 1
  Parameters: []
  MinDistance: 0
  MaxDistance: 0
  Length: 0
--- !u!114 &-1877617516460682601
MonoBehaviour:
  m_ObjectHideFlags: 0
  m_CorrespondingSourceObject: {fileID: 0}
  m_PrefabInstance: {fileID: 0}
  m_PrefabAsset: {fileID: 0}
  m_GameObject: {fileID: 0}
  m_Enabled: 1
  m_EditorHideFlags: 0
  m_Script: {fileID: 11500000, guid: c18180ecb35941f4682ae60107b85b7c, type: 3}
  m_Name: bank:/Master.bank
  m_EditorClassIdentifier: 
  Path: Assets/Fmod/fmodsounds/Build/Desktop/Master.bank
  Name: Master
  lastModified: 637431102449970743
  LoadResult: 0
  FileSizes: []
  Exists: 1
--- !u!114 &11400000
MonoBehaviour:
  m_ObjectHideFlags: 0
  m_CorrespondingSourceObject: {fileID: 0}
  m_PrefabInstance: {fileID: 0}
  m_PrefabAsset: {fileID: 0}
  m_GameObject: {fileID: 0}
  m_Enabled: 1
  m_EditorHideFlags: 0
  m_Script: {fileID: 11500000, guid: d32cf7c32a3ed8347bac48ef5ed56d82, type: 3}
  m_Name: FMODStudioCache
  m_EditorClassIdentifier: 
  EditorBanks:
  - {fileID: 5069083571453874358}
  - {fileID: -5484994239957191912}
  - {fileID: -1877617516460682601}
  EditorEvents:
  - {fileID: 6029679781555625377}
  - {fileID: -7158984486021096713}
  - {fileID: 5485741882549132415}
  - {fileID: -3532424054163984761}
  - {fileID: 1514787954353110116}
  EditorParameters: []
  MasterBanks:
  - {fileID: -1877617516460682601}
  StringsBanks:
  - {fileID: 5069083571453874358}
  stringsBankWriteTime: 637431102449990694
  cacheVersion: 5
--- !u!114 &1514787954353110116
MonoBehaviour:
  m_ObjectHideFlags: 0
  m_CorrespondingSourceObject: {fileID: 0}
  m_PrefabInstance: {fileID: 0}
  m_PrefabAsset: {fileID: 0}
  m_GameObject: {fileID: 0}
  m_Enabled: 1
  m_EditorHideFlags: 0
  m_Script: {fileID: 11500000, guid: ceb653cd98e289a4e8697a1af55201f2, type: 3}
  m_Name: event:/OSTS/OSTCookmania
  m_EditorClassIdentifier: 
  Path: event:/OSTS/OSTCookmania
  guid: d53843c0d3c8104da598340ad6879611
  Banks:
  - {fileID: -1877617516460682601}
  IsStream: 0
  Is3D: 0
  IsOneShot: 1
  Parameters: []
  MinDistance: 0
  MaxDistance: 0
  Length: 0
--- !u!114 &5069083571453874358
MonoBehaviour:
  m_ObjectHideFlags: 0
  m_CorrespondingSourceObject: {fileID: 0}
  m_PrefabInstance: {fileID: 0}
  m_PrefabAsset: {fileID: 0}
  m_GameObject: {fileID: 0}
  m_Enabled: 1
  m_EditorHideFlags: 0
  m_Script: {fileID: 11500000, guid: c18180ecb35941f4682ae60107b85b7c, type: 3}
  m_Name: bank:/Master.strings.bank
  m_EditorClassIdentifier: 
  Path: Assets/Fmod/fmodsounds/Build/Desktop/Master.strings.bank
  Name: Master.strings
  lastModified: 637431102449990694
  LoadResult: 0
  FileSizes:
  - Name: Desktop
    Value: 1016
  Exists: 1
--- !u!114 &5485741882549132415
MonoBehaviour:
  m_ObjectHideFlags: 0
  m_CorrespondingSourceObject: {fileID: 0}
  m_PrefabInstance: {fileID: 0}
  m_PrefabAsset: {fileID: 0}
  m_GameObject: {fileID: 0}
  m_Enabled: 1
  m_EditorHideFlags: 0
  m_Script: {fileID: 11500000, guid: ceb653cd98e289a4e8697a1af55201f2, type: 3}
  m_Name: event:/SuccessFail/Fail
  m_EditorClassIdentifier: 
  Path: event:/SuccessFail/Fail
  guid: 79b9ef0ebe466f45aa12a96258ec7e9a
  Banks:
  - {fileID: -1877617516460682601}
  IsStream: 0
  Is3D: 0
  IsOneShot: 1
  Parameters: []
  MinDistance: 0
  MaxDistance: 0
  Length: 0
--- !u!114 &6029679781555625377
MonoBehaviour:
  m_ObjectHideFlags: 0
  m_CorrespondingSourceObject: {fileID: 0}
  m_PrefabInstance: {fileID: 0}
  m_PrefabAsset: {fileID: 0}
  m_GameObject: {fileID: 0}
  m_Enabled: 1
  m_EditorHideFlags: 0
  m_Script: {fileID: 11500000, guid: ceb653cd98e289a4e8697a1af55201f2, type: 3}
  m_Name: event:/KnifeAttack/KnifeAttack
  m_EditorClassIdentifier: 
  Path: event:/KnifeAttack/KnifeAttack
  guid: 150ac62a45a2da419f9ea430d017f90c
  Banks:
  - {fileID: -1877617516460682601}
  IsStream: 0
  Is3D: 0
  IsOneShot: 1
  Parameters: []
  MinDistance: 0
  MaxDistance: 0
  Length: 0
